% ZSCL Joyce Chai
@misc{joyce-chai-zscl,
  doi = {10.48550/ARXIV.2107.05176},
  url = {https://arxiv.org/abs/2107.05176},
  author = {Xu, Guangyue and Kordjamshidi, Parisa and Chai, Joyce Y.},
  keywords = {Computer Vision and Pattern Recognition (cs.CV), Computation and Language (cs.CL), FOS: Computer and information sciences, FOS: Computer and information sciences},
  title = {Zero-Shot Compositional Concept Learning},
  publisher = {arXiv},
  year = {2021},
  copyright = {Creative Commons Attribution 4.0 International}
}

% Sketch-RNN
@misc{ha2017neural,
      title={A Neural Representation of Sketch Drawings}, 
      author={David Ha and Douglas Eck},
      year={2017},
      eprint={1704.03477},
      archivePrefix={arXiv},
      primaryClass={cs.NE}
}

% SketchBird
@INPROCEEDINGS{sketchbirds,
  author={Yuan, Shaozu and Dai, Aijun and Yan, Zhiling and Guo, Zehua and Liu, Ruixue and Chen, Meng},
  booktitle={2021 IEEE/CVF International Conference on Computer Vision Workshops (ICCVW)}, 
  title={SketchBird: Learning to Generate Bird Sketches from Text}, 
  year={2021},
  volume={},
  number={},
  pages={2443-2452},
  doi={10.1109/ICCVW54120.2021.00277}}

% CUB dataset
@techreport{WahCUB_200_2011,
	Title = {{The Caltech-UCSD Birds-200-2011 Dataset}},
	Author = {Wah, C. and Branson, S. and Welinder, P. and Perona, P. and Belongie, S.},
	Year = {2011},
	Institution = {California Institute of Technology},
	Number = {CNS-TR-2011-001},
}

% TU-Berlin
@article{eitz2012hdhso,
    author={Eitz, Mathias and Hays, James and Alexa, Marc},
    title={How Do Humans Sketch Objects?},
    journal={ACM Trans. Graph. (Proc. SIGGRAPH)},
    year={2012},
    volume={31},
    number={4},
    pages = {44:1--44:10}
}

% AttnGan
@misc{attngan_paper,
  doi = {10.48550/ARXIV.1711.10485},
  
  url = {https://arxiv.org/abs/1711.10485},
  
  author = {Xu, Tao and Zhang, Pengchuan and Huang, Qiuyuan and Zhang, Han and Gan, Zhe and Huang, Xiaolei and He, Xiaodong},
  
  keywords = {Computer Vision and Pattern Recognition (cs.CV), FOS: Computer and information sciences, FOS: Computer and information sciences},
  
  title = {AttnGAN: Fine-Grained Text to Image Generation with Attentional Generative Adversarial Networks},
  
  publisher = {arXiv},
  
  year = {2017},
  
  copyright = {arXiv.org perpetual, non-exclusive license}
}

% SPG Dataset cite
@misc{spg_paper,
  doi = {10.48550/ARXIV.1808.02312},
  
  url = {https://arxiv.org/abs/1808.02312},
  
  author = {Li, Ke and Pang, Kaiyue and Song, Jifei and Song, Yi-Zhe and Xiang, Tao and Hospedales, Timothy M. and Zhang, Honggang},
  
  keywords = {Computer Vision and Pattern Recognition (cs.CV), FOS: Computer and information sciences, FOS: Computer and information sciences},
  
  title = {Universal Perceptual Grouping},
  
  publisher = {arXiv},
  
  year = {2018},
  
  copyright = {arXiv.org perpetual, non-exclusive license}
}

% Vision Transformer, ViT-B
@misc{visiontransformer,
  doi = {10.48550/ARXIV.2010.11929},
  
  url = {https://arxiv.org/abs/2010.11929},
  
  author = {Dosovitskiy, Alexey and Beyer, Lucas and Kolesnikov, Alexander and Weissenborn, Dirk and Zhai, Xiaohua and Unterthiner, Thomas and Dehghani, Mostafa and Minderer, Matthias and Heigold, Georg and Gelly, Sylvain and Uszkoreit, Jakob and Houlsby, Neil},
  
  keywords = {Computer Vision and Pattern Recognition (cs.CV), Artificial Intelligence (cs.AI), Machine Learning (cs.LG), FOS: Computer and information sciences, FOS: Computer and information sciences},
  
  title = {An Image is Worth 16x16 Words: Transformers for Image Recognition at Scale},
  
  publisher = {arXiv},
  
  year = {2020},
  
  copyright = {arXiv.org perpetual, non-exclusive license}
}


% first text-to-image GAN work, conditional GAN?
@misc{cGAN_text_image,
  doi = {10.48550/ARXIV.1605.05396},
  url = {https://arxiv.org/abs/1605.05396},
  author = {Reed, Scott and Akata, Zeynep and Yan, Xinchen and Logeswaran, Lajanugen and Schiele, Bernt and Lee, Honglak},
  keywords = {Neural and Evolutionary Computing (cs.NE), Computer Vision and Pattern Recognition (cs.CV), FOS: Computer and information sciences, FOS: Computer and information sciences},
  title = {Generative Adversarial Text to Image Synthesis},
  publisher = {arXiv},
  year = {2016},
  copyright = {arXiv.org perpetual, non-exclusive license}
}

% the survey paper for sketch representation learning
@misc{sketchsurvey,
  doi = {10.48550/ARXIV.2001.02600},
  url = {https://arxiv.org/abs/2001.02600},
  author = {Xu, Peng and Hospedales, Timothy M. and Yin, Qiyue and Song, Yi-Zhe and Xiang, Tao and Wang, Liang},
  keywords = {Computer Vision and Pattern Recognition (cs.CV), Graphics (cs.GR), Machine Learning (cs.LG), FOS: Computer and information sciences, FOS: Computer and information sciences},
  title = {Deep Learning for Free-Hand Sketch: A Survey},
  publisher = {arXiv},
  year = {2020},
  copyright = {arXiv.org perpetual, non-exclusive license}
}

@misc{CLIPpaper,
  doi = {10.48550/ARXIV.2103.00020},
  
  url = {https://arxiv.org/abs/2103.00020},
  
  author = {Radford, Alec and Kim, Jong Wook and Hallacy, Chris and Ramesh, Aditya and Goh, Gabriel and Agarwal, Sandhini and Sastry, Girish and Askell, Amanda and Mishkin, Pamela and Clark, Jack and Krueger, Gretchen and Sutskever, Ilya},
  
  keywords = {Computer Vision and Pattern Recognition (cs.CV), Machine Learning (cs.LG), FOS: Computer and information sciences, FOS: Computer and information sciences},
  
  title = {Learning Transferable Visual Models From Natural Language Supervision},
  
  publisher = {arXiv},
  
  year = {2021},
  
  copyright = {arXiv.org perpetual, non-exclusive license}
}


@inproceedings{Radford2019LanguageMA,
  title={Language Models are Unsupervised Multitask Learners},
  author={Alec Radford and Jeff Wu and Rewon Child and David Luan and Dario Amodei and Ilya Sutskever},
  year={2019}
}


@misc{attentionAllYouNeed,
  doi = {10.48550/ARXIV.1706.03762},
  
  url = {https://arxiv.org/abs/1706.03762},
  
  author = {Vaswani, Ashish and Shazeer, Noam and Parmar, Niki and Uszkoreit, Jakob and Jones, Llion and Gomez, Aidan N. and Kaiser, Lukasz and Polosukhin, Illia},
  
  keywords = {Computation and Language (cs.CL), Machine Learning (cs.LG), FOS: Computer and information sciences, FOS: Computer and information sciences},
  
  title = {Attention Is All You Need},
  
  publisher = {arXiv},
  
  year = {2017},
  
  copyright = {arXiv.org perpetual, non-exclusive license}
}

@misc{encoderDecoderRNN,
  doi = {10.48550/ARXIV.1406.1078},
  
  url = {https://arxiv.org/abs/1406.1078},
  
  author = {Cho, Kyunghyun and van Merrienboer, Bart and Gulcehre, Caglar and Bahdanau, Dzmitry and Bougares, Fethi and Schwenk, Holger and Bengio, Yoshua},
  
  keywords = {Computation and Language (cs.CL), Machine Learning (cs.LG), Neural and Evolutionary Computing (cs.NE), Machine Learning (stat.ML), FOS: Computer and information sciences, FOS: Computer and information sciences},
  
  title = {Learning Phrase Representations using RNN Encoder-Decoder for Statistical Machine Translation},
  
  publisher = {arXiv},
  
  year = {2014},
  
  copyright = {arXiv.org perpetual, non-exclusive license}
}

@misc{encoderDecoderRNN2,
  doi = {10.48550/ARXIV.1409.3215},
  
  url = {https://arxiv.org/abs/1409.3215},
  
  author = {Sutskever, Ilya and Vinyals, Oriol and Le, Quoc V.},
  
  keywords = {Computation and Language (cs.CL), Machine Learning (cs.LG), FOS: Computer and information sciences, FOS: Computer and information sciences},
  
  title = {Sequence to Sequence Learning with Neural Networks},
  
  publisher = {arXiv},
  
  year = {2014},
  
  copyright = {arXiv.org perpetual, non-exclusive license}
}



@misc{attentionRNN,
  doi = {10.48550/ARXIV.1409.0473},
  
  url = {https://arxiv.org/abs/1409.0473},
  
  author = {Bahdanau, Dzmitry and Cho, Kyunghyun and Bengio, Yoshua},
  
  keywords = {Computation and Language (cs.CL), Machine Learning (cs.LG), Neural and Evolutionary Computing (cs.NE), Machine Learning (stat.ML), FOS: Computer and information sciences, FOS: Computer and information sciences},
  
  title = {Neural Machine Translation by Jointly Learning to Align and Translate},
  
  publisher = {arXiv},
  
  year = {2014},
  
  copyright = {arXiv.org perpetual, non-exclusive license}
}


% Dealing with semantic units in images
@article{Bau:Ganpaint:2019,
    author = {David Bau and Hendrik Strobelt and William Peebles and
              Jonas Wulff and Bolei Zhou and Jun{-}Yan Zhu
              and Antonio Torralba},
    title = {Semantic Photo Manipulation with a Generative Image Prior},
    journal = {ACM Transactions on Graphics (Proceedings of ACM SIGGRAPH)},
    volume = {38},
    number = {4},
    year = {2019},
}

%%%%%%%%%% SKETCH RECOGNITION PAPERS
@ARTICLE{sketchrecog1,
  author={Zhang, Hua and She, Peng and Liu, Yong and Gan, Jianhou and Cao, Xiaochun and Foroosh, Hassan},
  journal={IEEE Transactions on Image Processing}, 
  title={Learning Structural Representations via Dynamic Object Landmarks Discovery for Sketch Recognition and Retrieval}, 
  year={2019},
  volume={28},
  number={9},
  pages={4486-4499},
  doi={10.1109/TIP.2019.2910398}}

%%%%%%%%%%%%%%%%%%%%%%%%%%%%%%%%%%%%%%%%%%%%%%%%%%%%%%



